@ARTICLE{Hopfield_1982,
title={Neural networks andphysical systems withemergent collective computational abilities},
year={1982},
author={{Hopfield, J. J.}},
doi={10.1073/pnas.79.8.2554},
pmid={6953413},
pmcid={null},
mag_id={2189586318},
journal={Proceedings of the National Academy of Sciences of the United States of America},
abstract={Computational properties of use of biological organisms or to the construction of computers can emerge as collective properties of systems having a large number of simple equivalent components (or neurons). The physical meaning of content-addressable memory is described by an appropriate phase space flow of the state of a system. A model of such a system is given, based on aspects of neurobiology but readily adapted to integrated circuits. The collective properties of this model produce a content-addressable memory which correctly yields an entire memory from any subpart of sufficient size. The algorithm for the time evolution of the state of the system is based on asynchronous parallel processing. Additional emergent collective properties include some capacity for generalization, familiarity recognition, categorization, error correction, and time sequence retention. The collective properties are only weakly sensitive to details of the modeling or the failure of individual devices.}
}

@ARTICLE{Rumelhart_1986,
title={Learning representations by back-propagating errors},
year={1986},
author={{David E. Rumelhart} and {Geoffrey E. Hinton} and {Ronald J. Williams} },
doi={10.1038/323533a0},
pmid={null},
pmcid={null},
mag_id={1498436455},
journal={Nature},
abstract={We describe a new learning procedure, back-propagation, for networks of neurone-like units. The procedure repeatedly adjusts the weights of the connections in the network so as to minimize a measure of the difference between the actual output vector of the net and the desired output vector. As a result of the weight adjustments, internal ‘hidden’ units which are not part of the input or output come to represent important features of the task domain, and the regularities in the task are captured by the interactions of these units. The ability to create useful new features distinguishes back-propagation from earlier, simpler methods such as the perceptron-convergence procedure1.}
}


@article{LUNNE:1997,
author = {Lunne, Tom and Robertson, P. and Powell, John},
year = {1997},
month = {01},
pages = {},
title = {Cone Penetration Testing in Geotechnical Practice},
volume = {46},
journal = {Soil Mechanics and Foundation Engineering},
doi = {10.1007/s11204-010-9072-x}
}



@mastersthesis{BARONI:2010,
author = {Baroni, M.},
school = {Universidade Federal do Rio de Janeiro},
title = {{Investiga{\c{c}}{\~{a}}o geot{\'{e}}cnica em argilas org{\^{a}}nicas muito compress{\'{i}}veis em dep{\'{o}}sitos da Barra da Tijuca}},
type = {Mestrado em Engenharia Civil},
year = {2010}
}



@article{SKEMPTON:1952,
author = {SKEMPTON, A. W. and NORTHEY, R. D.},
journal = {G{\'{e}}otechnique},
number = {1},
pages = {72--78},
title = {{The sensitivity of clays}},
volume = {3},
year = {1952}
}


@article{SULLY:1988,
author = {SULLY, J. P. and {CAMPANELLA, R. G. ROBERTSON}, P. K.},
journal = {Journal of Geotech.},
number = {2},
pages = {209--216},
title = {{Overconsolidation ratio of clays from penetration pore pressure}},
volume = {114},
year = {1988}
}

@inproceedings{SANDVEN:1988,
address = {Orlando},
author = {SANDVEN, R. and SENNESET, K. and JANBU, N.},
booktitle = {FIRST INTERNATIONAL SYMPOSIUM ON PENETRATION TESTING},
pages = {939--953},
publisher = {Rotterdam: Balkema},
title = {{Interpretation of piezocone tests in cohesive soils.}},
year = {1988}
}

@inproceedings{BACHUS:1988,
address = {Orlando},
author = {MAYNE, P. W. and BACHUS, R. C.},
booktitle = {First International Symposium on Penetration Testing},
pages = {857--864},
publisher = {Rotterdam:Balkema},
title = {{Profiling OCR in clays by piezocone soundings}},
year = {1988}
}


@article{MAYNE:1988,
author = {MAYNE, P. W. and MITCHELL, J. K.},
journal = {Canadian Geotech},
number = {1},
pages = {150--157},
title = {{Profiling of OCR in clays by field vane}},
volume = {25},
year = {1988}
}


@article{MAYNE:1987,
author = {MAYNE, P. W.},
journal = {Geotechnical Testing Journal},
pages = {146--150},
title = {{Determining preconsolidation pressures from DMT contact pressures}},
volume = {10},
year = {1987}
}

@article{KONRAD:1987,
author = {KONRAD, J. M. and LAW, K.},
journal = {G{\'{e}}otechnique},
number = {2},
pages = {177--190},
title = {{Preconsolidation pressure from piezocone tests in marine clays}},
volume = {37},
year = {1987}
}

@article{WROTH:1984,
author = {WROTH, C. P.},
journal = {Rankine Lecture. G{\'{e}}otechnique},
number = {4},
pages = {449--489},
title = {{The interpretation of in situ soil tests}},
volume = {34},
year = {1984}
}



@article{ORTIGAO:1986,
author = {ORTIG{\~{A}}O, J. A. R. and COLLET, H. B.},
journal = {Solos e Rochas},
number = {2},
pages = {33--45},
title = {{A elimina{\c{c}}{\~{a}}o de erros de atrito em ensaios de palheta}},
volume = {9},
year = {1986}
}

@inproceedings{CROOKS:1988,
address = {Rotterdam},
author = {CROOKS, J. H. A. and BEEN, K. and BECKER, D. E. and JEFFERIES, M. G.},
booktitle = {INT. SYMP. ON PENETRATION TESTING, ISOPT},
pages = {715--722},
title = {{CPT interpretation in clays}},
volume = {1},
year = {1988}
}


@inproceedings{BJERRUM:1973,
address = {Moscow},
author = {BJERRUM, L.},
booktitle = {Proceedings of the 8th Int. Conf. Soil Mech. Found. Eng.},
pages = {111--159},
title = {{Problems of soil mechanics and construction on soft clays.}},
volume = {3},
year = {1973}
}



@book{SCHNAID:2012,
address = {S{\~{a}}o Paulo},
author = {{SCHNAID, F; ODEBRECHT}, E.},
edition = {2},
isbn = {9788579750595},
pages = {1--254},
publisher = {Oficina de Textos},
title = {{Ensaios de Campo: e suas aplica{\c{c}}{\~{o}}es {\`{a}} engenharia de funda{\c{c}}{\~{o}}es}},
year = {2012}
}



@manual{NBR10905:1989,
title="{NBR}-10905: Solo --  Ensaios de palheta in situ",
	author="ABNT",
	organization="ASSOCIAÇÃO BRASILEIRA DE NORMAS TÉCNICAS",
	address="Rio de Janeiro",
	year="1989",
	pages="9"
}

@book{ORTIGAO:2007,
address = {Rio de Janeiro},
author = {Ortig{\~{a}}o, J. A. R.},
edition = {3},
isbn = {978-8521610311},
pages = {385},
publisher = {Livros T{\'{e}}cnicos Cient{\'{i}}ficos},
title = {{Introdu{\c{c}}{\~{a}}o {\`{a}} mec{\^{a}}nica do solos dos estados cr{\'{i}}ticos}},
year = {2007}
}

@misc{WEBER:2021,
author = {Passos, Weber Dias},
booktitle = {YouTube},
pages = {},
title = {{Ensaio de Vane Test}},
url = {https://youtu.be/kcc-9suANE8},
urlaccessdate={15 set. 2022},
year = {2021}
}

@misc{PALOCHE:2010,
author = {Tangthansup, Paloche},
booktitle = {YouTube},
title = {{Field Vane Shear Test, Demo}},
url = {https://youtu.be/X8DMeuX2ryw},
urlaccessdate={12 set. 2022},
year = {2010}
}

@misc{EINAR:1928,
author = {Nordendahl, Einar},
title = {{Beskrivning over nya Lidingobron}},
year = {1928}
}


@mastersthesis{SOUZA:2014,
author = {de Souza, H{\'{e}}lcio Gon{\c{c}}alves},
pages = {181},
school = {Universidade Federal do Rio de Janeiro},
title = {{Novos avan{\c{c}}os com o equipamento de palheta el{\'{e}}trico in situ}},
type = {Mestrado em Engenharia Civil},
url = {www.coc.ufrj.br/en/documents2/mestrado/2014/2555-helcio-goncalves-de-souza-mestrado},
urlaccessdate={16 set. 2022},
year = {2014}
}

@mastersthesis{COLLET:1978,
author = {Collet, Haroldo Braune},
pages = {147--156},
school = {Universidade Federal do Rio de Janeiro},
title = {{Ensaios de palheta de campo em argilas moles da baixada fluminense}},
type = {Mestrado em Engenharia Civil},
url = {https://pantheon.ufrj.br/bitstream/11422/2916/1/147068.pdf},
urlaccessdate={16 set. 2022},
year = {1978}
}


@incollection{FLODIN:1977,
title = {Chapter 1 - Historical Development of Civil Engineering in Soft Clay},
series = {Developments in Geotechnical Engineering},
publisher = {Elsevier},
volume = {20},
pages = {25-156},
year = {1981},
booktitle = {Soft Clay Engineering},
issn = {0165-1250},
doi = {https://doi.org/10.1016/B978-0-444-41784-8.50004-6},
url = {https://www.sciencedirect.com/science/article/pii/B9780444417848500046},
urlaccessdate={16 set. 2022},
author = {NILS FLODIN and BENGT BROMS}
}

@misc{QGIS:2022,
author = {QGIS},
title = {{Software QGIS-OSGeo4W-3.24.1-1}},
year = {2022},
note="Disponível em:<
\url{https://www.norbit.de/~jef/QGIS-OSGeo4W-3.24.1-1.msi}>. Acesso em: 24 mar. 2022"
}

@misc{IBGEGEO:2022,
author = {IBGE},
title = {{Banco de informações ambientais - geomorfologia}},
year = {2022},
note="Disponível em:<
\url{https://bdiaweb.ibge.gov.br/assets/shapes/geom_area_mu_5201108.zip}>. Acesso em: 15 abr. 2022"
}

@misc{IBGEPED:2022,
author = {IBGE},
title = {{Banco de informações ambientais - pedologia}},
year = {2022},
note="Disponível em:<
\url{https://bdiaweb.ibge.gov.br/assets/shapes/pedo_area_mu_5201108.zip}>. Acesso em: 15 abr. 2022"
}

@misc{IBGEMOR:2022,
author = {IBGE},
title = {{Banco de informações ambientais - geologia}},
year = {2022},
note="Disponível em:<
\url{https://bdiaweb.ibge.gov.br/assets/shapes/geol_area_mu_5201108.zip}>. Acesso em: 15 abr. 2022"
}

@misc{SEG:2022,
author = {SEG},
title = {{Sistema Estadual de Geoinformação}},
year = {2022},
note="Disponível em:<
\url{http://dados.sieg.go.gov.br/Sieg/RGG/sig%5Cmacrozaee%5Chidrografia%5C/dren_orig.zip}>. Acesso em: 15 abr. 2022"
}

@misc{GIMP:2021,
author = {GIMP2},
title = {{GIMP - GNU Image Manipulation Program}},
year = {2021},
note="Disponível em:<
\url{https://www.gimp.org/}>. Acesso em: 5 jun. 2021"
}

@misc{LATEXDRAW:2021,
author = {LATEXDRAW},
title = {{LaTeXDraw}},
year = {2021},
note="Disponível em:<
\url{http://latexdraw.sourceforge.net/}>. Acesso em: 5 jun. 2021"
}

@article{WELVIS:2015,
author = {Welvis Furtado da Silva and Ernane Rosa Martins},
journal = {American Journal of Civil Engineering},
number = {6},
pages = {207},
title = {{Use of Debris Program of Civil Construction Waste Management in Containment Residential Erosion Geovanni Braga in Anapolis in the State of Goi{\'{a}}s}},
volume = {3},
year = {2015},
note="Disponível em:<
\url{https://www.sciencepublishinggroup.com/journal/paperinfo?journalid=229&doi=10.11648/j.ajce.20150306.12}>. Acesso em: 28 mar. 2022"
}

@misc{IBGE:2021,
author = {IBGE},
title = {{Cidades e Estados}},
year = {2021},
note="Disponível em:<
\url{https://www.ibge.gov.br/cidades-e-estados/go/anapolis.html}>. Acesso em: 5 abr. 2022"
}


@article{AVILA:2005,
address = {Porto Nacional - {TO}},
author = {de {\'{A}}vila, Frederico Fernandes},
journal = {IX EREGEO - Encontro Regional de Geografia - Novas territorialidades - integra{\c{c}}{\~{a}}o e redefini{\c{c}}{\~{a}}o regional},
month = {jul},
pages = {10},
title = {{Uso da terra e eros{\~{a}}o acelerada na por{\c{c}}{\~{a}}o sudoeste de An{\'{a}}polis (GO)}},
year = {2005},
note="Disponível em:<
\url{https://observatoriogeogoias.iesa.ufg.br/up/215/o/Fernandes_avila_frederico_terra_eros_o.pdf}>. Acesso em: 5 abr. 2022"
}

@book{VERDUM:2016,
address = {Porto Alegre},
author = {Roberto Verdum and Carmem Lucas Vieira and Jean Carlo Gessi Caneppele},
pages = {50},
publisher = {IGEO/UFRGS},
title = {{Métodos e Técnicas para o Controle da Erosão e Conservação do solo}},
year = {2016}
}

@book{LEPSCH:2010,
address = {São Paulo},
author = {Igo F. Lepsch},
edition="2",
isbn = {978-85-7975-008-3},
pages = {218},
publisher = {Oficina de Textos},
title = {{Formação e Conservação dos Solos}},
year = {2010}
}

@mastersthesis{CLEMENTE:2009,
author = {Clemente, Maria Auxiliadora Di},
pages = {150},
school = {Universidade Evang{\'{e}}lica de An{\'{a}}polis},
title = {{A influ{\^{e}}ncia da vegta{\c{c}}{\~{a}}o como elemento modificador do conforto t{\'{e}}rmico da ambi{\^{e}}ncia urbana da cidade de An{\'{a}}polis-GO}},
type = {Mestrado em Ciências Ambientais},
year = {2009}
}

@mastersthesis{ALMEIDA:2013,
address = {Goiânia},
author = {Almeida, J. G. R.},
pages = {133},
school = {Universidade Federal de Goi{\'{a}}s},
title = {{Erodibilidade De Solos Tropicais N{\~{a}}o Saturados Nos Munic{\'{i}}pios De Senador Canedo E Bonfin{\'{o}}polis - GO}},
type = {Mestrado em Geotecnia},
year = {2013}
}


@inproceedings{VAUGHAN:1985,
address = {Bras{\'{i}}lia, DF},
author = {Vaughan, Peter Rolfe},
booktitle = {Proc. lst Int. Conf. Geomechanics in Tropical Lateritic and Saprolitic Soils},
pages = {231--263},
publisher = {International Society for Soil Mechanics and Geotechnical Engineering (ISSMGE)},
title = {{Mechanical and hydraulic properties of in-situ residual soils, particularly as related to their structure and mineral component}},
year = {1985}
}

@inproceedings{NOGAMI:1994,
address = {Foz do Igua{\c{c}}u},
author = {Nogami, J. S and Villibor, D. F.},
booktitle = {10{\textordmasculine} Congresso Brasileiro de Mec{\^{a}}nica dos Solos e Engenharia Geot{\'{e}}cnica},
pages = {1293--1300},
publisher = {ABMS},
title = {{Identifica{\c{c}}{\~{a}}o expedita dos grupos de classifica{\c{c}}{\~{a}}o MCT para solos tropicais}},
volume = {4},
year = {1994}
}

@proceedings{PAIXAO:1994,
address={Recife},
conference-number={2},
conference-year={1994},
conference-location={Recife},
organization={SimpÓsio sobre Solos nÃo Saturados},
volume = {1},
pages={105-110},
publisher={UFPe},
title={Influência da Microestrutura no Colapso de um Solo de Brasília},
year={1994}}

@misc{FORTES:2022,
author = {Rita Moura Fortes},
pages = {11},
title = {{Noções de Solo}},
year = {2022},
note="Disponível em:<
\url{http://www.ufrrj.br/institutos/it/deng/rosane/downloads/material de apoio/1_NOCOES_DE_SOLOS.pdf}>. Acesso em: 25 mar. 2022"
}


@phdthesis{JESUS:2013,
author = {de Jesus, Andrelissa Santos},
pages = {367},
school = {Universidade de Bras{\'{i}}lia},
title = {Investigação Multidisciplinar de Processos Erosivos Lineares: Estudo de Caso da Cidade de Anápolis - GO},
type = {Doutorado em Geotecnia},
year = {2013}
}

@misc{NHL:2022,
author = {NHL},
title = {{Mapa de Anápolis}},
year = {2022},
note="Disponível em:<
\url{https://link-4share.com/download/s5LVLtpSce/mapa_de_anapolis_com_quadras_dwg.html}>. Acesso em: 5 fev. 2022"
}

@misc{GEOP:2022,
author = {INPE},
title = {{Introdução ao Geoprocessamento}},
year = {2022},
note="Disponível em:<
\url{http://www.dpi.inpe.br/spring/portugues/tutorial/introducao_geo.html}>. Acesso em: 19 mar. 2022"
}

@misc{INPE:2022,
author = {INPE},
title = {{Desenvolvimento de Sistemas de Informação Geográfica no Brasil: Desafios e Oportunidades}},
year = {2022},
note="Disponível em:<
\url{http://www.dpi.inpe.br/gilberto/present/segeo.html}>. Acesso em: 19 mar. 2022"
}

@misc{FSIG:2022,
author = {Maria Lúcia Calijuri and Samuel Santana Paes Loures},
title = {{Fundamentos de Sistemas de Informações Geográficas}},
pages={27},
year = {2006}
}


@misc{SPRING:2022,
author = {INPE},
title = {{Spring 5.0.6 - Download}},
year = {2022},
note="Disponível em:<
\url{http://www.dpi.inpe.br/spring/portugues/download.php}>. Acesso em: 5 fev. 2022"
}


@misc{EMBRAPA:2022,
author = {AGEITEC},
title = {{Agência Embrapa de Informação Tecnológica: Principais voçorocas}},
year = {2022},
note="Disponível em:<
\url{https://www.agencia.cnptia.embrapa.br/}>. Acesso em: 7 jan. 2022"
}


@monography{WAGNER:2021,
address={Anápolis},
author={Wagner Oliveira de Araujo},
pages={},
pagename={f.},
school={Engenharia Civil da Mobilidade, Instituto Federal de Goiás},
title={Cadastro de erosões},
type={Trabalho de Conclusão de Curso I},
year={2021}}

@misc{CPRM:2021,
author = {CPRM},
title = {{Serviço Geológico do Brasil (CPRM)}},
year = {2021},
note="Disponível em:<
\url{http://www.cprm.gov.br/}>. Acesso em: 5 nov. 2021"
}


@misc{CARTILHA:2021,
author = {José Camapum de Carvalho and Noris Costa Diniz},
title = {{Cartilha Erosão}},
year = {2021},
note="Disponível em:<
\url{http://portaldoprofessor.mec.gov.br/storage/materiais/0000016163.pdf}>. Acesso em: 5 nov. 2021"
}

@misc{CIVIL3D:2021,
author = {Autodesk},
title = {{AutoCAD Civil 3D}},
year = {2021},
note="Disponível em:<
\url{https://www.autodesk.com.br/products/civil-3d/overview}>. Acesso em: 5 nov. 2021"
}

@misc{GPSVISUALIZER:2021,
author = {GpsVisualizer},
title = {{Gps Visualizer}},
year = {2021},
note="Disponível em:<
\url{https://www.gpsvisualizer.com/}>. Acesso em: 5 nov. 2021"
}

@misc{GOOGLEEARTH:2021,
author = {Google},
title = {{Google Earth Pro}},
year = {2021},
note="Disponível em:<
\url{https://www.google.com.br/earth/download/gep/agree.html}>. Acesso em: 5 nov. 2021"
}

@misc{SURVEYCAM:2021,
author = {SURVEYCAM},
title = {{SurveyCam}},
year = {2021},
note="Disponível em:<
\url{https://www.surveycam.com/}>. Acesso em: 5 nov. 2021"
}

@misc{MapSource:2021,
author = {Garmin},
title = {{Updates \& Dowloads}},
year = {2021},
note="Disponível em:<
\url{https://www8.garmin.com/support/download_details.jsp?id=209}>. Acesso em: 5 nov. 2021"
}

@misc{EXCEL:2021,
author = {Microsoft},
title = {{Microsoft Excel}},
year = {2021},
note="Disponível em:<
\url{https://www.microsoft.com/pt-br/microsoft-365/excel}>. Acesso em: 5 nov. 2021"
}


@proceedings{FACIO:1994,
address={Foz do Iguaçu},
conference-number={10},
conference-year={1994},
conference-location={Foz do Iguaçu},
organization={Congresso Brasileiro de Mec\^anica dos Solos e Engenharia Geot\'ecnica},
pages={1245-1252},
publisher={ABMS},
title={Estudo da erobibilidade de solos do Distrito Federal},
year={1994}}

@manual{ABNT:NBR-15287-2006,
	title="{NBR}-15287: Informação e Documentação - Projeto de pesquisa - Apresentação",
	author="ABNT",
	organization="ASSOCIAÇÃO BRASILEIRA DE NORMAS TÉCNICAS",
	address="Rio de Janeiro",
	year="2011",
	pages="6"
}

@inbook{CAP06:2006,
address={Brasília},
author={Nóris Costa Diniz},
booktitle={Processos Erosivos no Centro-Oeste Brasileiro},
chapter={6},
edition={},
pages={221-247},
publisher={Finatec},
title={Avaliação de Terrenos Quanto à Suscetibilidade à Erosão},
year={2006}}


@mastersthesis{SANTOS:1994,
address = {Brasilia},
author = {dos Santos, Roberto M{\'{a}}rcio},
pages = {138},
school={Departamento de Engenharia Civil, Universidade de Brasília},
title = {{Caracteriza{\c{c}}{\~{a}}o Geot{\'{e}}cnica e An{\'{a}}lise do Processo Evolutivo das Eros{\~{o}}es no Munic{\'{i}}pio de Goi{\^{a}}nia}},
type = {Mestarado em Ciências},
year = {1997}
}

@phdthesis{LIMA:2003,
author = {{CRUZ LIMA}, MARISAIDES},
pages = {336},
school = {Universidade de Bras{\'{i}}lia},
title = {{Degrada{\c{c}}{\~{a}}o f{\'{i}}sico-qu{\'{i}}mica e mineral{\'{o}}gica de maci{\c{c}}os junto {\`{a}}s vo{\c{c}}orocas}},
type = {Doutorado em Geotecnia},
year = {2003}
}


@inbook{CAP05:2006,
address={Brasília},
author={Elidiane Oliveira Martins and Newton Moreira de Souza and Mauricio Martines Sales and Maria Amélia Leite Soares do Nascimento and Maria de Fátima Mendonça Oliveira},
booktitle={Processos Erosivos no Centro-Oeste Brasileiro},
chapter={5},
edition={},
pages={193-220},
publisher={Finatec},
title={Cadastro de Erosões},
year={2006}}

@inbook{CAP02:2006,
address={Brasília},
author={José Camapum de Carvalho and Maurício Martines Sales and Diógenes Mortari and José Augusto Fázio and Nelson Otávio da Motta and Renato Apolinário Francisco},
booktitle={Processos Erosivos no Centro-Oeste Brasileiro},
chapter={2},
edition={},
pages={39-95},
publisher={Finatec},
title={Processos Erosivos},
year={2006}}


@manual{NBR6023:2002,
address={Rio de Janeiro},
month={ago.},
note={Substitui a Ref.~{NBR6023:2000}},
organization={Associa{\c c}\~ao Brasileira de Normas T\'ecnicas},
org-short={ABNT},
pages={24},
subtitle={Informa{\c c}\~ao e documenta{\c c}\~ao --- Refer\^encias ---
Elabora{\c c}\~ao},
title={{NBR} 6023},
year={2002}
}

@mastersthesis{MORTARI:1994,
address={Brasília},
author={Mortari, D},
pages={200},
pagename={f.},
school={Departamento de Engenharia Civil, Universidade de Brasília},
subtitle={},
title={Caracterização geotécnica e análise do processo evolutivo das erosões no Distrito Federal},
type={Mestrado em Engenharia Civil},
year={1994}}

@mastersthesis{FACIO:1991,
address={Brasília},
author={F\'acio, J. D.},
pages={57},
pagename={f.},
school={Departamento de Engenharia Civil, Universidade de Brasília},
subtitle={},
title={Proposição de uma metodologia de estudo da erobilidade dos solos do Distrito Federal},
type={Mestrado em Engenharia Civil},
year={1991}}

@monography{SILVA:2017,
address={Goiânia},
author={Silva, Pedro Henrique Matheus and Martins, Ramon \'Italo Mendonça},
pages={71},
pagename={f.},
school={Departamento de Engenharia Civil, Universidade Federal de Goiás},
title={Desenvolvimento de Aplicativo para Auxílio no Cadastramento de Erosões Lineares em Meio Urbano},
type={Trabalho de Conclusão de Curso},
year={2017}}

@book{Carvalho2006,
address = {Bras{\'{i}}lia},
editor = {de Carvalho, Jos{\'{e}} Camapum and Sales, Maur{\'{i}}cio Martines and de Souza, Newton Moreira and Melo, Maria Tereza da Silva},
editortype={Org.},
isbn = {85-85862-16-5},
pages = {464},
publisher = {Universidade de Brasília: FINATEC},
title = {{Processos Erosivos no Centro-Oeste Brasileiro}},
year = {2006}
}


@misc{WIKIPEDIA2017A,
author = {WIKIPEDIA},
title = {{Accuracy and precision}},
url = {https://en.wikipedia.org/wiki/Accuracy{\_}and{\_}precision{\#}Accuracy{\_}vs{\_}precision{\_}-{\_}the{\_}target{\_}analogy},
urlaccessdate={8 mar. 1999},
year = {2017}
}

@article{Brasil2020,
author = {Brasil},
journal = {Pr{\'{a}}ticas Mec{\^{a}}nicas de Conserva{\c{c}}{\~{a}}o de {\'{A}}gua e Solo},
keywords = {Conserva{\c{c}}{\~{a}}o da {\'{a}}gua},
pages = {1--26},
title = {{Eros{\~{a}}o H{\'{i}}drica: Unidade 1}},
year = {2020},
note="Disponível em:<
\url{https://capacitacao.ana.gov.br/conhecerh/handle/ana/62}>. Acesso em: 29 set. 2021"
}

@inbook{secretaria1999,
address={S\~ao Paulo},
booktitle={Entendendo o meio ambiente},
organization={S\~ao Paulo {(Estado). Secretaria do Meio Ambiente}},
title={Tratados e organiza{\c c}\~oes ambientais em mat\'eria de meio
ambiente},
author="Wagner Oliveira de Araujo",
url={http://www.bdt.org.br/sma/entendendo/atual.htm},
urlaccessdate={8 mar. 1999},
volume={1},
year={1999}}

@manual{ABNT:NBR-14724-2005,
	title="{NBR}-14724: Informação e Documentação - Trabalhos Acadêmicos - Apresentação",
	author="ABNT",
	organization="ASSOCIAÇÃO BRASILEIRA DE NORMAS TÉCNICAS",
	address="Rio de Janeiro",
	year="2011",
	pages="11"
}

@manual{ABNT:NBR-12225-2004,
	title="{NBR}-12225: Informação e documentação - Lombada - Apresentação",
	author="ABNT",
	organization="ASSOCIAÇÃO BRASILEIRA DE NORMAS TÉCNICAS",
	address="Rio de Janeiro",
	year="2004",
	pages="3"
}

@manual{ABNT:NBR-10719-1989,
	title="{NBR}-10719: Apresentação de relatório técnicos científicos",
	author="ABNT",
	organization="ASSOCIAÇÃO BRASILEIRA DE NORMAS TÉCNICAS",
	address="Rio de Janeiro",
	year="2015",
	pages="9"
}

@manual{ABNT:NBR-10520-2002,
	title="{NBR}-10520: Informação e Documentação - Apresentação de citações em documentos",
	author="ABNT",
	organization="ASSOCIAÇÃO BRASILEIRA DE NORMAS TÉCNICAS",
	address="Rio de Janeiro",
	year="2002",
	pages="7"
}

@manual{ABNT:NBR-10518-1992,
	title="{NBR}-10518: Preparação de guias de bibliotecas, centros de informação e documentação",
	author="ABNT",
	organization="ASSOCIAÇÃO BRASILEIRA DE NORMAS TÉCNICAS",
	address="Rio de Janeiro",
	year="2005",
	pages="2"
}

@manual{ABNT:NBR-6034-2005,
	title="{NBR}-6034: Informação e documentação - Índice - Apresentação",
	author="ABNT",
	organization="ASSOCIAÇÃO BRASILEIRA DE NORMAS TÉCNICAS",
	address="Rio de Janeiro",
	year="2004",
	pages="4"
}

@manual{ABNT:NBR-6033-1989,
	title="{NBR}-6033: Ordem Alfabética",
	author="ABNT",
	organization="ASSOCIAÇÃO BRASILEIRA DE NORMAS TÉCNICAS",
	address="Rio de Janeiro",
	year="1989",
	pages="5"
}

@manual{ABNT:NBR-6032-1989,
	title="{NBR}-6032: Abreviação de títulos de periódicos e publicações seriadas",
	author="ABNT",
	organization="ASSOCIAÇÃO BRASILEIRA DE NORMAS TÉCNICAS",
	address="Rio de Janeiro",
	year="1989",
	pages="14"
}

@manual{ABNT:NBR-6028-2003,
	title="{NBR}-6028: Informação e Documentação - Resumo - Apresentação",
	author="ABNT",
	organization="ASSOCIAÇÃO BRASILEIRA DE NORMAS TÉCNICAS",
	address="Rio de Janeiro",
	year="2003",
	pages="2"
}

@manual{ABNT:NBR-6027-2003,
	title="{NBR}-6027: Informação e Documentação - Sumário - Apresentação",
	author="ABNT",
	organization="ASSOCIAÇÃO BRASILEIRA DE NORMAS TÉCNICAS",
	address="Rio de Janeiro",
	year="2013",
	pages="3"
}

@manual{ABNT:NBR-6025-2002,
	title="{NBR}-6025: Informação e Documentação - Revisão de originais e provas",
	author="ABNT",
	organization="ASSOCIAÇÃO BRASILEIRA DE NORMAS TÉCNICAS",
	address="Rio de Janeiro",
	year="2002",
	pages="6"
}

@manual{ABNT:NBR-6023-2002,
	title="{NBR}-6023: Informação e Documentação - Referências - Elaboração",
	author="ABNT",
	organization="ASSOCIAÇÃO BRASILEIRA DE NORMAS TÉCNICAS",
	address="Rio de Janeiro",
	year="2002",
	pages="24"
}

@manual{ABNT:NBR-6024-2003,
	title="{NBR}-6024: Numeração Progressiva das seções de um documento escrito - Apresentação",
	author="ABNT",
	organization="ASSOCIAÇÃO BRASILEIRA DE NORMAS TÉCNICAS",
	address="Rio de Janeiro",
	year="2012",
	pages="3"
}

@manual{ABNT:NBR-6022-2003,
	title="{NBR}-6022: Informação e documentação - Artigo em publicação periódica científica impressa - Apresentação",
	author="ABNT",
	organization="ASSOCIAÇÃO BRASILEIRA DE NORMAS TÉCNICAS",
	address="Rio de Janeiro",
	year="2003",
	pages="5"
}

@manual{ABNT:NBR-6021-2003,
	title="{NBR}-6021: Informação e documentação - Publicação periódica científica impressa - Apresentação",
	author="ABNT",
	organization="ASSOCIAÇÃO BRASILEIRA DE NORMAS TÉCNICAS",
	address="Rio de Janeiro",
	year="2015",
	pages="14"
}

@manual{ABNT:NBR-5892-1989,
	title="{NBR}-5892: Norma para datar",
	author="ABNT",
	organization="ASSOCIAÇÃO BRASILEIRA DE NORMAS TÉCNICAS",
	address="Rio de Janeiro",
	year="1989",
	pages="2"
}


@book{ALB:CCA-1985,
	author="Antonia Motta Castro Mem{\'o}ria Ribeiro",
	title="AACR2 Anglo-American Cataloguing Rules",
	address="Brasília",
	edition="1",
	publisher="Cedit",
	year="1995",
	pages="577",
	ISBN="85-900114-1-0"
}


@inproceedings{Baturone:DCIS1996-231,
	author="BATURONE, I. and others",
	title="Supply Current Monitoring for Testing {CMOS} Analog Circuits",
	booktitle="Proceedings of the 11th CONFERENCE ON DESIGN OF CIRCUITS AND INTEGRATED SYSTEMS (DCIS)",
	year="1996",
	pages="231-236"
}

@inproceedings{Bilstrup:FCS-239,
	author="BILSTRUP, U. and WIBERG, P.",
	title="Bluetooth in Industrial Environment",
	booktitle="Proceedings of the 11th {IEEE} INTERNATIONAL WORKSHOP ON FACTORY COMMUNICATION SYSTEMS",
	address="Porto, Portugal",
	year="2000",
	pages="239-246"
}

@phdthesis{Brito:IEE-1994,
	author="Renato Machado de Brito",
	title="Instrumentação Eletro-Eletrônica para Medição Direta de Torque em Sistemas Girantes Utilizando Extensômetros de Resistência Elétrica",
	year="1994",
	pages="145",
	type="Tese (Doutorado em engenharia)",
	school="Programa de Pós-Graduação em Engenharia Mecânica e Materiais, Universidade Federal do Rio Grande do Sul",
	address="Porto Alegre"
}

@mastersthesis{araujo1986,
address={S\~ao Paulo},
author={U. A. M. Ara\'ujo},
pages={102},
pagename={f.},
school={Funda{\c c}\~ao Escola de Sociologia Pol{\'\i}tica de S\~ao Paulo},
subtitle={possibilidade de estudo de artefatos de museu para o conhecimento do universo ind{\'\i}gena},
title={M\'ascaras inteiri{\c c}as Tuk\'una},
type={Mestrado em Ci\^encia da Computação},
year={1986}}

@monography{morgado1990,
address={S\~ao Paulo},
author={M. L. C. Morgado},
pages={51},
pagename={f.},
school={Faculdade de Odontologia, Universidade Federal de Goiás},
title={Reimplante dent\'ario},
type={Trabalho de Conclusão de Curso},
year={1990}}

@article{Cota:TIM-49-2,
	author="Erica Cota and others",
	title="A New Adaptive Analog Test and Diagnosis System",
	journal="{IEEE} Transactions on Instrumentation and Measurement",
	address="Piscataway, {NJ}",
	volume="49",
	number="2",
	pages="223-227",
	month="Abr",
	year="2000"
}

@inbook{Deller:MSP-1993,
	author="DELLER, JR, J. R. and  PROAKIS, J. G. and HANSEN, J. H. L.",
	chapter="Modeling Speech Production",
	title="Discrete-Time Processing of Speech Signals",
	address="New York",
	publisher="Macmillian",
	year="1993",
	pages="151-221",
	ISBN="0-02-328301-7"
}

@book{Fitzgerald:EM-1990,
	author="FITZGERALD, A. E. and others.",
	title="Electric Machinery",
	address="New York",
	publisher="Mcgraw-Hill",
	year="1990",
	pages="599",
	ISBN="0-07-021134-5"
}

@inbook{Garg:SMA-2000,
	author="GARG, R. and others .",
	chapter="Substrates for Microstrip Antennas",
	title="Microstrip Antenna Design Handbook",
	address="London",
	publisher="Artech House",
	year="2000",
	pages="761-762",
	ISBN="0-89006-513-6"
}

@inproceedings{Husemann:CBA2002-2780,
	author="HUSEMANN, R. and  PEREIRA, C. E. and SCHMIDT, R. L.",
	title="Sistema Monitorador para Aplicações Baseadas em Comunicação por Barramentos Industriais",
	booktitle="Anais do 14 CONGRESSO BRASILEIRO DE AUTOMÁTICA",
	year="2002",
	address="Natal, {RN}",
	pages="2780-2785"
}

@article{Maguire:MM-23-191,
	author="MAGUIRE, L. P. and MCGINNITY, T. M. and MCDAID, L. J.",
	title="Issues in the Development of an Integrated Environment for Embedded System Design - Part {A}: User Needs and Commercial Products",
	journal="Microprocessors and Microsystems",
	number="23",
	pages="191-197",
	month="Out",
	year="1999",
	note="Disponível em:<
\url{http://www.sciencedirect.com/science?_ob=
MImg&_imagekey=B6V0X-3XDHJNS-3-3&_cdi=41659dabbc93bd6b1c1eae8e0907b20b&ie=
f.pdf}>. Acesso em: 7 mar. 2000"
}

@manual{MATHWORKS:MFW-5,
	title="MATHWORKS Matlab for Windows, version 5: tutorial of optimization toolbox, version 2.2",
	organization="The MathWorks Inc.",
	year="2001"
}

@book{Marina:FMC-2007,
	author="Marina de Andrade Marconi and Eva Maria Lakatos",
	title="Fundamentos de metodologia científica",
	address="São Paulo",
	edition="6",
	publisher="Atlas",
	year="2007",
	pages="315",
	ISBN="85-224-4015-8"
}

@inproceedings{Pereira:OORT1999-133,
	author="PEREIRA, C. E. and others",
	title="Quantitative Evaluation of Distributed Object-Oriented Programming Environments for Real-Time Applications",
	booktitle="Proceedings of the 2nd INTERNATIONAL SYMPOSIUM ON OBJECT-ORIENTED REAL-TIME DISTRIBUTED COMPUTING",
	year="1999",
	address="Saint Malo, France",
	pages="133-138"
}

@inproceedings{Pereira:RTP1999-9,
	author="PEREIRA, C. E. and  WILD, R.",
	title="Tool for Validating Timing Requirements of Industrial Application based on the Foundation Fieldbus Protocol",
	booktitle="Proceedings of the 24th WORKSHOP ON REAL-TIME PROGRAMMING",
	year="1999",
	address="Schloss Dagstuhl, Germany",
	pages="9-14",
	note="Disponível em: <\url{http://www.fernuni-hagen.de/IT/wtrp99/papers/paper-041.pdf}>.
Acesso em: 5 mar. 2001."
}

@techreport{Flores-AP-1998,
	institution="UFRGS, Departamento de Engenharia Elétrica",
	address="Porto Alegre, {RS}",
	author="Ály Ferreira Flores Filho and Altamiro Amadeu Susin and Marilia Amaral da Silveira",
	title="Atuador Planar",
	number="BR n. PI 9900945-5",
	month="Abr",
	year="1998",
	note="(depósito)"
}

@manual{XILINX:SPAR-2000,
	organization="XILINX",
	title="Spartan and Spartan-XL Families Field Programmable Gate Arrays: Product Specification",
	year="2000",
	pages="82",
	note="Disponível em:<
\url{http://direct.xilinx.com/bvdocs/publications/ ds060.pdf}>. Acesso em:
18 set. 2002."
}

@book{IBGE:IBGE-1993,
	author="IBGE",
	title="Normas de Apresentacao Tabular",
	address="Rio de Janeiro",
	publisher="IBGE",
	year="1993",
	pages="62p",
	ISBN="85-240-0471-1"
}
@ARTICLE{CERT:CERT-2006,
	AUTHOR       = "Cert.br",
	TITLE        = "Cartilha de Segurança para Internet: parte I: conceitos de segurança",
	JOURNAL      = "Cert.br",
	YEAR         = "2006",
	VOLUME       = "",
	NUMBER       = "",
	PAGES        = "",
	MONTH        = "dez",
	NOTE         = "Disponível em:<
\url{http://cartilha.cert.br/conceitos}>. Acesso em:
17 dez. 2008."
}

@misc{Education2016,
author = {Education, NASA/JPL},
title = {{How Many Decimals of Pi Do We Really Need?}},
year = {2016},
note = "Disponível em:<
\url{https://www.jpl.nasa.gov/edu/news/2016/3/16/how-many-decimals-of-pi-do-we-really-need/}>. Acesso em:
5 set. 2017."
}

@ARTICLE{WIKIPEDIA2017,
	AUTHOR       = "Wikipedia",
	TITLE        = "Pi",
	JOURNAL      = "",
	YEAR         = "2017",
	VOLUME       = "",
	NUMBER       = "",
	PAGES        = "",
	MONTH        = "",
	NOTE         = "Disponível em:<
\url{http://cartilha.cert.br/conceitos}>. Acesso em:
5 set. 2017."
}

@book{Leithold1982,
address = {S{\~{a}}o Paulo},
author = {Leithold, Louis},
edition = {2},
pages = {520},
publisher = {Harper {\&} Row do Brasil},
title = {{O c{\'{a}}lculo com geometria anal{\'{i}}tica}},
year = {1982}
}

@book{Manly2008,
address = {Porto Alegre},
author = {Manly, Bryan J. F.},
edition = {3},
isbn = {978-85-7780-185-5},
pages = {229},
publisher = {Bookman},
title = {{M{\'{e}}todos Estat{\'{i}}sticos Multivariados: uma introdução}},
year = {2008}
}

@book{Crespo2002,
address = {S{\~{a}}o Paulo},
author = {Crespo, Ant{\^{o}}nio Arnot},
edition = {17},
isbn = {85-02-02056-0},
pages = {183},
publisher = {Saraiva},
title = {{Estat{\'{i}}stica}},
year = {2002}
}

@book{Kotz2009,
address = {S{\~{a}}o Paulo},
author = {Kotz, John C. and Treichel, Paul M. and Weaver, Gabriela C.},
edition = {2},
isbn = {978-85-221-0691-2},
pages = {608},
publisher = {Cengage Learning},
title = {{Qu{\'{i}}mica Geral}},
year = {2009}
}



@misc{Infopedia2003,
author = {Infop{\'{e}}dia},
title = {{Gravidade}},
booktitle = {Editora Porto},
urldate = {27 set. 2017},
year = {2017},
NOTE = "Disponível em:<
\url{https://www.infopedia.pt/$gravidade}>. Acesso em:
27 set. 2017."
}

@misc{Carlip1998,
author = {Carlip, Steve and Wiener, Matthew and Landis, Geoffrey},
title = {{Does Gravity Travel at the Speed of Light?}},
url = {http://math.ucr.edu/home/baez/physics/Relativity/GR/grav_speed.html},
urldate = {27 set. 2017},
year = {1998},
NOTE = "Disponível em:<
\url{http://math.ucr.edu/home/baez/physics/Relativity/GR/grav_speed.html}>. Acesso em:
27 set. 2017."
}

@book{Young2008,
address = {S{\~{a}}o Paulo},
author = {Young, H. D. and Freedman, R. A.},
edition = {12},
isbn = {978-85-88639-30-0},
pages = {403},
publisher = {Person},
title = {Física I: Mecânica},
year = {2008}
}

@misc{Prass2017,
author = {Prass, Alberto Ricardo},
file = {:C$\backslash$:/Users/wagner.araujo/Dropbox/IFG/Engenharia/20172/2Periodo/Fisica2/Fisica/Relatorio03/a{\_}lei{\_}de{\_}hooke.pdf:pdf},
keywords = {el{\'{a}}sticos,o nosso objetivo neste,precisamente,sendo este},
pages = {1--4},
title = {{A lei de Hooke}},
year = {2017},
NOTE = "Disponível em:<
\url{http://www.fisica.net/mecanicaclassica/a_lei_de_hooke.pdf}>. Acesso em:
27 set. 2017."
}